% Election Contracts
@online{election-contracts,
  title = {nathanph/election-contracts},
  author = {Hernandez, Nathan},
  url = {https://github.com/nathanph/election-contracts},
  abstract = {Solidity-based election-contracts.},
  titleaddon = {{GitHub}},
	year={2021},
  % urldate = {2021-04-03},
  langid = {english},
}

% Bitcoin
@misc{bitcoin,
  added-at = {2014-04-17T08:33:06.000+0200},
  author = {Nakamoto, Satoshi},
  biburl = {https://www.bibsonomy.org/bibtex/23db66df0fc9fa2b5033f096a901f1c36/ngnn},
  interhash = {423c2cdff70ba0cd0bca55ebb164d770},
  intrahash = {3db66df0fc9fa2b5033f096a901f1c36},
  timestamp = {2014-04-17T08:33:06.000+0200},
  title = {Bitcoin: A peer-to-peer electronic cash system},
  url = {http://www.bitcoin.org/bitcoin.pdf},
  keywords = {blockchain},
  year = {2009}
}
@book{mastering-bitcoin,
  title={Mastering Bitcoin: Unlocking Digital Cryptocurrencies},
  author={Antonopoulos, A.M.},
  isbn={9781491902646},
  lccn={2015413040},
  url={https://books.google.com/books?id=IXmrBQAAQBAJ},
  year={2014},
  keywords = {blockchain},
  publisher={O'Reilly Media}
}
@techreport{hashcash,
	author = {Adam Back},
	title = {Hashcash - A Denial of Service Counter-Measure},
	institution = {},
  keywords = {blockchain},
	year = {2002}
}

% Ethereum
@online{ethereum.org,
	title = {Ethereum},
	author = {{Ethereum Foundation}},
	url = {https://ethereum.org},
	abstract = {Ethereum is a global, decentralized platform for money and new kinds of applications. On Ethereum, you can write code that controls money, and build applications accessible anywhere in the world.},
	titleaddon = {ethereum.org},
	%urldate = {2018-01-01},
	year={2018},
  keywords = {blockchain},
	langid = {english},
}
@article{DAO,
  title={Experiments in Algorithmic Governance: A History and Ethnography of ``The {DAO},'' a Failed Decentralized Autonomous Organization},
  author={DuPont, Quinn},
  journal={Bitcoin and beyond},
  pages={157--177},
  year={2017},
  publisher={Routledge New York, NY, USA}
}
@techreport{ethereum-white,
  title={A Next-Generation Smart Contract and Decentralized Application Platform},
  author={Buterin, Vitalik and others},
  journal={white paper},
  volume={3},
  number={37},
  keywords = {blockchain},
  year={2014}
}
@techreport{ethereum-yellow,
  title={Ethereum: A Secure Decentralised Generalised Transaction Ledger},
  author={Wood, Gavin and others},
  journal={Ethereum project yellow paper},
  volume={151},
  number={2014},
  pages={1--32},
  keywords = {blockchain},
  year={2014}
}
@book{mastering-ethereum,
  title={Mastering Ethereum: Building Smart Contracts and DApps},
  author={Antonopoulos, A.M. and D, G.W.P.},
  isbn={9781491971918},
  url={https://books.google.com/books?id=nJJ5DwAAQBAJ},
  year={2018},
  keywords = {blockchain},
  publisher={O'Reilly Media}
}
@online{dagger-hashimoto,
  title = {{Dagger Hashimoto}},
  url = {https://eth.wiki/concepts/dagger-hashimoto},
  titleaddon = {eth.wiki},
  author = {Buterin, Vitalik},
	year={2014},
  % urldate = {2021-03-01},
  langid = {english},
  keywords = {blockchain},
  file = {Snapshot:/home/nate/Zotero/storage/VL4MKJQH/dagger-hashimoto.html:text/html},
}
@techreport{hashimoto,
  title = {Hashimoto: I/O Bound Proof-of-Work},
  abstract = {Using a cryptographic hash function not as a proof of work by itself, but rather as a generator of pointers to a shared data set, allows for an I/O bound proof of work. This method of proof of work is difficult to optimize via {ASIC} design, and difficult to outsource to nodes without the full data set. The name is based on the three operations which comprise the algorithm: hash, shift, and modulo.},
  author = {Dryja, Thaddeus},
	year = {2009},
  langid = {english},
  keywords = {blockchain},
  file = {Dryja - Hashimoto IO bound proof of work.pdf:/home/nate/Zotero/storage/A5HH9BVH/Dryja - Hashimoto IO bound proof of work.pdf:application/pdf},
}
@techreport{dagger,
  title = {Dagger: A Memory-Hard to Compute, Memory-Easy to Verify Scrypt Alternative},
  url = {http://www.hashcash.org/papers/dagger.html},
  shorttitle = {Dagger},
  author = {Buterin, Vitalik},
  keywords = {blockchain},
	year={2013},
  % urldate = {2021-03-01},
}
@online{ethereum:accounts,
  title = {Ethereum Accounts},
	author = {{Ethereum Foundation}},
  url = {https://ethereum.org/en/developers/docs/accounts/},
  abstract = {An explanation of Ethereum accounts â€“ their data structures and their relationship with key pair cryptography.},
  titleaddon = {ethereum.org},
	year={2021},
  % urldate = {2021-03-01},
  langid = {english},
  keywords = {blockchain},
  file = {Snapshot:/home/nate/Zotero/storage/QPBSXU93/accounts.html:text/html},
}

@software{testrpc,
	author = {{ethereumjs}},
	title = {{ethereumjs-testrpc}},
  titleaddon = {{npm package documentation}},
	url = {https://www.npmjs.com/package/ethereumjs-testrpc},
	% urldate = {2021-04-29},
	file = {Snapshot:/home/nate/Zotero/storage/GSHRCJIZ/ethereumjs-testrpc.html:text/html},
	year={2017},
}
