@techreport{e2e-viv,
  title = {The Future of Voting: End-to-End Verifiable Internet Voting},
	% titleaddon = {Specification and Feasibility Assessment Study},
  url = {https://usvotefoundation-drupal.s3.amazonaws.com/prod/E2EVIV_full_report.pdf},
  pages = {136},
  institution = {U.S. Vote Foundation},
  type = {Specification and Feasibility Assessment Study},
  author = {Dzieduszycka-Suinat, Susan and Murray, Judy and Kiniry, Joseph R and Zimmerman, Daniel M and Wagner, Daniel and Robinson, Philip and Foltzer, Adam and Morina, Shpatar},
  date = {2015-07-01},
  langid = {english},
  file = {Dzieduszycka-Suinat et al. - U.S. VOTE FOUNDATION.pdf:/home/nate/Zotero/storage/MKGS3E7E/Dzieduszycka-Suinat et al. - U.S. VOTE FOUNDATION.pdf:application/pdf},
}
@inproceedings{bulletin-board,
  title={The Append-Only Web Bulletin Board},
  author={Heather, James and Lundin, David},
  booktitle={International Workshop on Formal Aspects in Security and Trust},
  pages={242--256},
  year={2008},
  organization={Springer}
}
@inproceedings{helios,
  title={Helios: Web-based Open-Audit Voting},
  author={Adida, Ben},
  booktitle={USENIX security symposium},
  volume={17},
  pages={335--348},
  year={2008}
}
@inproceedings{almost-correct-mixing,
  title={Almost Entirely Correct Mixing with Applications to Voting},
  author={Boneh, Dan and Golle, Philippe},
  booktitle={Proceedings of the 9th ACM conference on Computer and communications security},
  pages={68--77},
  year={2002}
}
@inproceedings{pretty-good-democracy,
  title={Pretty Good Democracy},
  author={Ryan, Peter YA and Teague, Vanessa},
  booktitle={International Workshop on Security Protocols},
  pages={111--130},
  year={2009},
  organization={Springer}
}
@article{mix-networks,
  title={A Survey on Mix Networks and their Secure Applications},
  author={Sampigethaya, Krishna and Poovendran, Radha},
  journal={Proceedings of the IEEE},
  volume={94},
  number={12},
  pages={2142--2181},
  year={2006},
  publisher={IEEE}
}
@inproceedings{distributed-key-generation,
  title={Distributed Key Generation for the Internet},
  author={Kate, Aniket and Goldberg, Ian},
  booktitle={2009 29th IEEE International Conference on Distributed Computing Systems},
  pages={119--128},
  year={2009},
  organization={IEEE}
}
@inproceedings{large-scale-distributed-key-generation,
  title={Practical Large-scale Distributed Key Generation},
  author={Canny, John and Sorkin, Stephen},
  booktitle={International Conference on the Theory and Applications of Cryptographic Techniques},
  pages={138--152},
  year={2004},
  organization={Springer}
}
@inproceedings{vector-ballot-voting,
  title={The Vector-Ballot E-Voting Approach},
  author={Kiayias, Aggelos and Yung, Moti},
  booktitle={International Conference on Financial Cryptography},
  pages={72--89},
  year={2004},
  organization={Springer}
}
@inproceedings{demos,
  title={{D-DEMOS}: A Distributed, End-to-End Verifiable, Internet Voting System},
  author={Chondros, Nikos and Zhang, Bingsheng and Zacharias, Thomas and Diamantopoulos, Panos and Maneas, Stathis and Patsonakis, Christos and Delis, Alex and Kiayias, Aggelos and Roussopoulos, Mema},
  booktitle={2016 IEEE 36th International Conference on Distributed Computing Systems (ICDCS)},
  pages={711--720},
  year={2016},
  organization={IEEE}
}

@article{zkproof,
  title={Proofs That Yield Nothing but Their Validity or All Languages in NP Have Zero-Knowledge Proof Systems},
  author={Goldreich, Oded and Micali, Silvio and Wigderson, Avi},
  journal={Journal of the ACM (JACM)},
  volume={38},
  number={3},
  pages={690--728},
  year={1991},
  publisher={ACM New York, NY, USA}
}
