@techreport{voi-assessment-report,
  title = {Voting Over the Internet Pilot Project Assessment Report},
  url = {https://www.fvap.gov/uploads/FVAP/Reports/voi.pdf},
  pages = {93},
  institution = {Department of Defense Washington Headquarters Services},
  author = {{Federal Voting Assistance Program}},
  shortauthor = {FVAP},
  date = {2001-06-01},
  langid = {english},
}
@techreport{internet-voting-survey,
  title = {A Survey of Internet Voting},
  url = {https://www.eac.gov/sites/default/files/eac_assets/1/28/SIV-FINAL.pdf},
  shorttitle = {A Survey of Internet Voting},
  pages = {149},
  % number = {2},
  author = {{U.S. Election Assistance Commission}},
  shortauthor = {EAC},
  institution = {U.S. Election Assistance Commission},
  date = {2011-09-14},
  langid = {english},
  file = {Franklin - A Survey of Internet Voting.pdf:/home/nate/Zotero/storage/MH2W2LH5/Franklin - A Survey of Internet Voting.pdf:application/pdf},
}

% SERVE
% @legislation{serve-bill,
@misc{serve-bill,
  title = {Electronic Voting Demonstration Project},
  author = {{U.S. Congress}},
  volume = {115},
  url = {https://uscode.house.gov/statviewer.htm?volume=115&page=1277},
  pages = {1277},
  year={2001},
  % urldate = {2021-03-02},
  file = {uscode.house.gov/statviewer.htm?volume=115&page=1277:/home/nate/Zotero/storage/N9A2XRAH/statviewer.html:text/html},
}

@techreport{serve-analysis,
  title={A Security Analysis of the Secure Electronic Registration and Voting Experiment ({SERVE})},
  author={Jefferson, David and Rubin, Aviel D and Simons, Barbara and Wagner, David},
  year={2004}
}

@techreport{dod-expanding-electronic-voting,
  title = {Expanding the Use of Electronic Voting Technology for {UOCAVA} Citizens},
  url = {https://www.eac.gov/sites/default/files/eac_assets/1/6/Exhibit A - L.pdf},
  institution = {Department of Defense},
  author = {{Federal Voting Assistance Program}},
  shortauthor = {DoD},
  year = {2007},
  % urldate = {2021-03-02},
  file = {Exhibit A - L.pdf:/home/nate/Zotero/storage/CKD5PEAF/Exhibit A - L.pdf:application/pdf},
}

@techreport{comment-on-dod-report,
  title = {A comment on the May 2007 {DoD} report on Voting Technologies for {UOCAVA} Citizens},
  url = {https://graphics8.nytimes.com/packages/pdf/national/2007_voting_comment.pdf},
  author = {Jefferson, David and Rubin, Avi and Simons, Barbara},
  % urldate = {2021-03-03},
  year = {2007},
  file = {2007_voting_comment.pdf:/home/nate/Zotero/storage/GNCEXHXQ/2007_voting_comment.pdf:application/pdf},
}

% DC Vote-by-Mail
% @legislation{MOVE,
@misc{MOVE,
  title = {National Defense Authorization Act for Fiscal Year 2010},
  author = {{U.S. Congress}},
  volume = {123},
  url = {https://uscode.house.gov/statviewer.htm?volume=123&page=2190},
  pages = {2195},
  year={2010},
  % urldate = {2021-03-02},
  file = {uscode.house.gov/statviewer.htm?volume=115&page=1277:/home/nate/Zotero/storage/ZA4NNZH5/statviewer.html:text/html},
}
@inproceedings{dc-voting-system,
  title={Attacking the Washington, DC Internet voting system},
  author={Wolchok, Scott and Wustrow, Eric and Isabel, Dawn and Halderman, J Alex},
  booktitle={International Conference on Financial Cryptography and Data Security},
  pages={114--128},
  year={2012},
  organization={Springer}
}

@online{trust-the-vote-dc-pilot,
  title = {The D.C. Pilot Project: Facts vs. Fictions – From Our Viewpoint},
  url = {https://trustthevote.org/blog/2010/07/06/dc-pilot-project-facts-vs-fictions-osdv-viewpoint/},
  shorttitle = {The D.C. Pilot Project},
  author = {Miller, Gregory},
  abstract = {The {TrustTheVote} Project of the Open Source Digital Voting ({OSDV}) Foundation achieved another important milestone two weeks ago this morning, this time with the District of Columbia Board of Electi…},
  titleaddon = {{TrustTheVote}},
  % urldate = {2021-03-03},
  date = {2010-07-06},
  langid = {american},
  file = {Snapshot:/home/nate/Zotero/storage/XEEG6DPU/dc-pilot-project-facts-vs-fictions-osdv-viewpoint.html:text/html},
}
@inproceedings{estonia,
  title={Security analysis of the Estonian internet voting system},
  author={Springall, Drew and Finkenauer, Travis and Durumeric, Zakir and Kitcat, Jason and Hursti, Harri and MacAlpine, Margaret and Halderman, J Alex},
  booktitle={Proceedings of the 2014 ACM SIGSAC Conference on Computer and Communications Security},
  pages={703--715},
  year={2014}
}
